@InProceedings{InterHand,  
author = {Moon, Gyeongsik and Yu, Shoou-I and Wen, He and Shiratori, Takaaki and Lee, Kyoung Mu},  
title = {InterHand2.6M: A Dataset and Baseline for 3D Interacting Hand Pose Estimation from a Single RGB Image},  
booktitle = {European Conference on Computer Vision (ECCV)},  
year = {2020}  
}  

@InProceedings{InteractingHandEstimation,
  author={Kim, Dong Uk and In Kim, Kwang and Baek, Seungryul},
  booktitle={2021 IEEE/CVF International Conference on Computer Vision (ICCV)}, 
  title={End-to-End Detection and Pose Estimation of Two Interacting Hands}, 
  year={2021},
  volume={},
  number={},
  pages={11169-11178},
  doi={10.1109/ICCV48922.2021.01100}}

@article{fasterrcnn,
  author    = {Shaoqing Ren and
               Kaiming He and
               Ross B. Girshick and
               Jian Sun},
  title     = {Faster {R-CNN:} Towards Real-Time Object Detection with Region Proposal
               Networks},
  journal   = {CoRR},
  volume    = {abs/1506.01497},
  year      = {2015},
  url       = {http://arxiv.org/abs/1506.01497},
  eprinttype = {arXiv},
  eprint    = {1506.01497},
  timestamp = {Mon, 13 Aug 2018 16:46:02 +0200},
  biburl    = {https://dblp.org/rec/journals/corr/RenHG015.bib},
  bibsource = {dblp computer science bibliography, https://dblp.org}
}

@article{keypointrcnn,
  author    = {Kaiming He and
               Georgia Gkioxari and
               Piotr Doll{\'{a}}r and
               Ross B. Girshick},
  title     = {Mask {R-CNN}},
  journal   = {CoRR},
  volume    = {abs/1703.06870},
  year      = {2017},
  url       = {http://arxiv.org/abs/1703.06870},
  eprinttype = {arXiv},
  eprint    = {1703.06870},
  timestamp = {Mon, 13 Aug 2018 16:46:36 +0200},
  biburl    = {https://dblp.org/rec/journals/corr/HeGDG17.bib},
  bibsource = {dblp computer science bibliography, https://dblp.org}
}

@article{openpose,
  author    = {Zhe Cao and
               Gines Hidalgo and
               Tomas Simon and
               Shih{-}En Wei and
               Yaser Sheikh},
  title     = {OpenPose: Realtime Multi-Person 2D Pose Estimation using Part Affinity
               Fields},
  journal   = {CoRR},
  volume    = {abs/1812.08008},
  year      = {2018},
  url       = {http://arxiv.org/abs/1812.08008},
  eprinttype = {arXiv},
  eprint    = {1812.08008},
  timestamp = {Wed, 02 Jan 2019 14:40:18 +0100},
  biburl    = {https://dblp.org/rec/journals/corr/abs-1812-08008.bib},
  bibsource = {dblp computer science bibliography, https://dblp.org}
}

@article{bighand,
  author    = {Shanxin Yuan and
               Qi Ye and
               Bj{\"{o}}rn Stenger and
               Siddhant Jain and
               Tae{-}Kyun Kim},
  title     = {BigHand2.2M Benchmark: Hand Pose Dataset and State of the Art Analysis},
  journal   = {CoRR},
  volume    = {abs/1704.02612},
  year      = {2017},
  url       = {http://arxiv.org/abs/1704.02612},
  eprinttype = {arXiv},
  eprint    = {1704.02612},
  timestamp = {Mon, 13 Aug 2018 16:48:07 +0200},
  biburl    = {https://dblp.org/rec/journals/corr/YuanYSJK17.bib},
  bibsource = {dblp computer science bibliography, https://dblp.org}
}

@article{freihand,
  author    = {Christian Zimmermann and
               Duygu Ceylan and
               Jimei Yang and
               Bryan C. Russell and
               Max Argus and
               Thomas Brox},
  title     = {FreiHAND: {A} Dataset for Markerless Capture of Hand Pose and Shape
               from Single {RGB} Images},
  journal   = {CoRR},
  volume    = {abs/1909.04349},
  year      = {2019},
  url       = {http://arxiv.org/abs/1909.04349},
  eprinttype = {arXiv},
  eprint    = {1909.04349},
  timestamp = {Tue, 12 Jan 2021 08:28:08 +0100},
  biburl    = {https://dblp.org/rec/journals/corr/abs-1909-04349.bib},
  bibsource = {dblp computer science bibliography, https://dblp.org}
}

@article{ego3d,
  author    = {Fanqing Lin and
               Connor Wilhelm and
               Tony R. Martinez},
  title     = {Two-hand Global 3D Pose Estimation Using Monocular {RGB}},
  journal   = {CoRR},
  volume    = {abs/2006.01320},
  year      = {2020},
  url       = {https://arxiv.org/abs/2006.01320},
  eprinttype = {arXiv},
  eprint    = {2006.01320},
  timestamp = {Mon, 08 Jun 2020 15:48:39 +0200},
  biburl    = {https://dblp.org/rec/journals/corr/abs-2006-01320.bib},
  bibsource = {dblp computer science bibliography, https://dblp.org}
}

@misc{yolov5,
    author = {Glenn Jocher},
    title = {{ultralytics/yolov5}},
    year = 2020,
    publisher = {Zenodo},
    version = {v3.1},
    doi = {10.5281/zenodo.4154370},
    url = {https://doi.org/10.5281/zenodo.4154370},
    howpublished = {\url{https://github.com/ultralytics/yolov5}}
}

@inproceedings{yolo1,
  title={You only look once: Unified, real-time object detection},
  author={Redmon, Joseph and Divvala, Santosh and Girshick, Ross and Farhadi, Ali},
  booktitle={Proceedings of the IEEE conference on computer vision and pattern recognition},
  pages={779--788},
  year={2016}
}

@inproceedings{yolo2,
  title={YOLO9000: better, faster, stronger},
  author={Redmon, Joseph and Farhadi, Ali},
  booktitle={Proceedings of the IEEE conference on computer vision and pattern recognition},
  pages={7263--7271},
  year={2017}
}

@misc{interhand_website,
    author = {Gyeongsik Moon},
    title = {InterHand2.6M},
    year = 2020,
    howpublished = {\url{https://mks0601.github.io/InterHand2.6M/}}
}

@misc{keypointrcnn_arch,
    author = {Chetan Patil and Vikas Gupta},
    title = {Human Pose Estimation using Keypoint RCNN in PyTorch},
    year = 2021,
    howpublished = {\url{https://learnopencv.com/human-pose-estimation-using-keypoint-rcnn-in-pytorch}}
}

@article{coco,
  author    = {Tsung{-}Yi Lin and
               Michael Maire and
               Serge J. Belongie and
               Lubomir D. Bourdev and
               Ross B. Girshick and
               James Hays and
               Pietro Perona and
               Deva Ramanan and
               Piotr Doll{\'{a}}r and
               C. Lawrence Zitnick},
  title     = {Microsoft {COCO:} Common Objects in Context},
  journal   = {CoRR},
  volume    = {abs/1405.0312},
  year      = {2014},
  url       = {http://arxiv.org/abs/1405.0312},
  eprinttype = {arXiv},
  eprint    = {1405.0312},
  timestamp = {Mon, 13 Aug 2018 16:48:13 +0200},
  biburl    = {https://dblp.org/rec/journals/corr/LinMBHPRDZ14.bib},
  bibsource = {dblp computer science bibliography, https://dblp.org}
}